<?xml version="1.0" encoding="UTF-8"?><collection xmlns="http://www.loc.gov/MARC21/slim"><record><leader>00456nam--2200157-i-4500</leader><controlfield tag="001">000032451</controlfield><controlfield tag="002">20161230</controlfield><controlfield tag="005">20170113003446</controlfield><controlfield tag="008">060222s1000------------r-----000-0-eng-d</controlfield><datafield ind1=" " ind2=" " tag="080"><subfield code="a">541.128(061.3)</subfield></datafield><datafield ind1=" " ind2=" " tag="245"><subfield code="a">Mechanisms of Hydrocarbon Reactions a Symposium, 5-7 June 1973, Si©đfok, Hungary</subfield></datafield><datafield ind1=" " ind2=" " tag="260"><subfield code="a">Amsterdam</subfield><subfield code="b">Elsevier Scientific Publishing Company</subfield><subfield code="c">1975</subfield></datafield><datafield ind1=" " ind2=" " tag="300"><subfield code="a">812 p</subfield></datafield><datafield ind1=" " ind2=" " tag="700"><subfield code="a">Kallo, D</subfield></datafield><datafield ind1=" " ind2=" " tag="852"><subfield code="a">45432</subfield></datafield><datafield ind1=" " ind2=" " tag="CAT"><subfield code="a">SYS</subfield><subfield code="c">20170113</subfield><subfield code="h">003446</subfield></datafield></record></collection>